@article{Clem2016,
    title = {{The relative influence of ENSO and SAM on antarctic Peninsula climate}},
    year = {2016},
    journal = {Journal of Geophysical Research},
    author = {Clem, Kyle R. and Renwick, James A. and McGregor, James and Fogt, Ryan L.},
    number = {16},
    pages = {9324--9341},
    volume = {121},
    publisher = {Wiley-Blackwell},
    doi = {10.1002/2016JD025305},
    issn = {21562202}
}

@article{Velicogna2014RegionalData,
    title = {{Regional acceleration in ice mass loss from Greenland and Antarctica using GRACE time-variable gravity data}},
    year = {2014},
    journal = {Geophysical Research Letters},
    author = {Velicogna, I. and Sutterley, T. C. and vanden Broeke, M. R.},
    number = {22},
    month = {11},
    pages = {8130--8137},
    volume = {41},
    publisher = {Blackwell Publishing Ltd},
    url = {http://doi.wiley.com/10.1002/2014GL061052},
    doi = {10.1002/2014GL061052},
    issn = {00948276},
    keywords = {Antarctica, Greenland, mass balance, remote sensing, sea level, time-variable gravity}
}

@article{Flament2020DynamicAltimetry,
    title = {{Dynamic thinning of Antarctic glaciers from along-track repeat radar altimetry}},
    year = {2020},
    author = {Flament, Thomas and R{\'{e}}, Frédérique},
    url = {https://www.cambridge.org/core.},
    doi = {10.3189/2012JoG11J118}
}

@article{corr_doake_jenkins_vaughan_2001, 
title={Investigations of an “ice plain” in the mouth of Pine Island Glacier, Antarctica}, volume={47}, 
DOI={10.3189/172756501781832395}, 
number={156}, journal={Journal of Glaciology}, publisher={Cambridge University Press}, author={Corr, H. F. J. and Doake, C. S. M. and Jenkins, A. and Vaughan, D. G.}, year={2001}, pages={51–57}}

@article{Comiso,
    title = {{Positive Trend in the Antarctic Sea Ice Cover and Associated Changes in Surface Temperature}},
    author = {Comiso, Josefino C and Gersten, Robert A and Stock, Larry V and Turner, John and Perez, Gay J and Cho, Kohei},
    url = {www.ametsoc.org/PUBSReuseLicenses},
    doi = {10.1175/JCLI-D-16-0408.1}
}

@article{Wang2019,
    title = {{Compounding tropical and stratospheric forcing of the record low Antarctic sea-ice in 2016}},
    year = {2019},
    journal = {Nature Communications},
    author = {Wang, Guomin and Hendon, Harry H. and Arblaster, Julie M. and Lim, Eun Pa and Abhik, S. and van Rensch, Peter},
    number = {1},
    pages = {1--9},
    volume = {10},
    publisher = {Springer US},
    url = {http://dx.doi.org/10.1038/s41467-018-07689-7},
    doi = {10.1038/s41467-018-07689-7},
    issn = {20411723},
    pmid = {30600314}
}

@article{Meehl2016,
    title = {{Antarctic sea-ice expansion between 2000 and 2014 driven by tropical Pacific decadal climate variability}},
    year = {2016},
    journal = {Nature Geoscience},
    author = {Meehl, Gerald A. and Arblaster, Julie M. and Bitz, Cecilia M. and Chung, Christine T.Y. and Teng, Haiyan},
    number = {8},
    month = {8},
    pages = {590--595},
    volume = {9},
    publisher = {Nature Publishing Group},
    url = {https://www.nature.com/articles/ngeo2751},
    doi = {10.1038/ngeo2751},
    issn = {17520908},
    keywords = {Atmospheric dynamics, Climate sciences, Cryospheric science}
}

@article{Doddridge2017,
    title = {{Modulation of the Seasonal Cycle of Antarctic Sea Ice Extent Related to the Southern Annular Mode}},
    year = {2017},
    journal = {Geophysical Research Letters},
    author = {Doddridge, Edward W. and Marshall, John},
    number = {19},
    month = {10},
    pages = {9761--9768},
    volume = {44},
    publisher = {Blackwell Publishing Ltd},
    url = {https://onlinelibrary.wiley.com/doi/abs/10.1002/2017GL074319},
    doi = {10.1002/2017GL074319},
    issn = {0094-8276},
    keywords = {Southern Annular Mode, sea ice, seasonal cycle}
}

@article{Ferreira,
    title = {{Antarctic Ocean and Sea Ice Response to Ozone Depletion: A Two-Time-Scale Problem}},
    author = {Ferreira, David and Marshall, John and Bitz, Cecilia M and Solomon, Susan and Plumb, Alan},
    url = {http://journals.ametsoc.org/jcli/article-pdf/28/3/1206/4047594/jcli-d-14-00313\_1.pdf},
    doi = {10.1175/JCLI-D-14-00313.1}
}

@article{Simpkins2012,
    title = {{Seasonal relationships between large-scale climate variability and antarctic sea ice concentration}},
    year = {2012},
    journal = {Journal of Climate},
    author = {Simpkins, Graham R. and Ciasto, Laura M. and Thompson, David W.J. and England, Matthew H.},
    number = {16},
    month = {8},
    pages = {5451--5469},
    volume = {25},
    publisher = {American Meteorological Society},
    doi = {10.1175/JCLI-D-11-00367.1},
    issn = {08948755},
    keywords = {Annular mode, Antarctic Oscillation, Antarctica, Atmosphere-ocean interaction, ENSO, Sea ice}
}

@article{Kohyama2016,
    title = {{Antarctic sea ice response to weather and climate modes of variability}},
    year = {2016},
    journal = {Journal of Climate},
    author = {Kohyama, Tsubasa and Hartmann, Dennis L.},
    number = {2},
    pages = {721--741},
    volume = {29},
    doi = {10.1175/JCLI-D-15-0301.1},
    issn = {08948755},
    keywords = {Annular mode, Antarctic Oscillation, Circulation/Dynamics, ENSO, Planetary waves, Rossby waves, Stationary waves}
}


@article{Clem2020,
    title = {{Record warming at the South Pole during the past three decades}},
    year = {2020},
    journal = {Nature Climate Change},
    author = {Clem, Kyle R. and Fogt, Ryan L. and Turner, John and Lintner, Benjamin R. and Marshall, Gareth J. and Miller, James R. and Renwick, James A.},
    month = {6},
    pages = {1--9},
    publisher = {Nature Publishing Group},
    url = {http://www.nature.com/articles/s41558-020-0815-z},
    doi = {10.1038/s41558-020-0815-z},
    issn = {1758-678X},
    keywords = {Atmospheric dynamics, Attribution, Climate and Earth system modelling, Cryospheric science}
}

@article{Turner2020a,
    title = {{Recent Decrease of Summer Sea Ice in the Weddell Sea, Antarctica}},
    year = {2020},
    journal = {Geophysical Research Letters},
    author = {Turner, John and Guarino, Maria Vittoria and Arnatt, Jack and Jena, Babula and Marshall, Gareth J. and Phillips, Tony and Bajish, C. C. and Clem, Kyle and Wang, Zhaomin and Andersson, Tom and Murphy, Eugene J. and Cavanagh, Rachel},
    doi = {10.1029/2020gl087127},
    issn = {0094-8276}
}

@article{Beaulieu2012,
    title = {{Change-point analysis as a tool to detect abrupt climate variations}},
    year = {2012},
    journal = {Philosophical Transactions of the Royal Society A: Mathematical, Physical and Engineering Sciences},
    author = {Beaulieu, Claudie and Chen, Jie and Sarmiento, Jorge L.},
    number = {1962},
    month = {3},
    pages = {1228--1249},
    volume = {370},
    publisher = {Royal Society},
    doi = {10.1098/rsta.2011.0383},
    issn = {1364503X},
    keywords = {Abrupt climate change, Autocorrelation, Change-point detection, Regime shift}
}
