@article{Parkinson2019,
    title = {{A 40-y record reveals gradual Antarctic sea ice increases followed by decreases at rates far exceeding the rates seen in the Arctic}},
    year = {2019},
    journal = {Proceedings of the National Academy of Sciences of the United States of America},
    author = {Parkinson, Claire L.},
    number = {29},
    pages = {14414--14423},
    volume = {116},
    doi = {10.1073/pnas.1906556116},
    issn = {10916490},
    keywords = {Antarctic sea ice, Climate change, Climate trends, Satellite Earth observations, Sea ice}
}

@article{Hanley2003,
    title = {{A quantitative evaluation of ENSO indices}},
    year = {2003},
    journal = {Journal of Climate},
    author = {Hanley, Deborah E. and Bourassa, Mark A. and O'Brien, James J. and Smith, Shawn R. and Spade, Elizabeth R.},
    number = {8},
    month = {4},
    pages = {1249--1258},
    volume = {16},
    doi = {10.1175/1520-0442(2003)16<1249:AQEOEI>2.0.CO;2},
    issn = {08948755}
}

@article{Orr2004,
    title = {{A ‘low-level’ explanation for the recent large warming trend over the western Antarctic Peninsula involving blocked winds and changes in zonal circulation}},
    year = {2004},
    journal = {Geophysical Research Letters},
    author = {Orr, A. and Cresswell, D. and Marshall, G. J. and Hunt, J. C. R. and Sommeria, J. and Wang, C. G. and Light, M.},
    number = {6},
    month = {3},
    pages = {n/a-n/a},
    volume = {31},
    publisher = {American Geophysical Union (AGU)},
    doi = {10.1029/2003gl019160}
}

@article{Parsons2016,
    title = {{An Assessment of Future Southern Hemisphere Blocking Using CMIP5 Projections from Four GCMs}},
    year = {2016},
    journal = {Journal of Climate},
    author = {Parsons, Simon and Renwick, James A. and McDonald, Adrian J.},
    number = {21},
    month = {11},
    pages = {7599--7611},
    volume = {29},
    url = {http://journals.ametsoc.org/doi/10.1175/JCLI-D-15-0754.1},
    doi = {10.1175/JCLI-D-15-0754.1},
    issn = {0894-8755}
}

@article{Malik2012,
    title = {{Analysis of spatial and temporal extreme monsoonal rainfall over South Asia using complex networks}},
    year = {2012},
    journal = {Climate Dynamics},
    author = {Malik, Nishant and Bookhagen, Bodo and Marwan, Norbert and Kurths, Jürgen},
    number = {3-4},
    month = {8},
    pages = {971--987},
    volume = {39},
    url = {http://link.springer.com/10.1007/s00382-011-1156-4},
    doi = {10.1007/s00382-011-1156-4},
    issn = {0930-7575, 1432-0894},
    language = {en}
}

@article{Turner2005,
    title = {{Antarctic climate change during the last 50 years}},
    year = {2005},
    journal = {International Journal of Climatology},
    author = {Turner, John and Colwell, Steve R. and Marshall, Gareth J. and Lachlan-Cope, Tom A. and Carleton, Andrew M. and Jones, Phil D. and Lagun, Victor and Reid, Phil A. and Iagovkina, Svetlana},
    number = {3},
    month = {3},
    pages = {279--294},
    volume = {25},
    doi = {10.1002/joc.1130},
    issn = {08998418},
    keywords = {Antarctica, Climate variability, Pressure, Temperature, Wind speed}
}

@article{Lachlan-Cope2010,
    title = {{Antarctic clouds}},
    year = {2010},
    journal = {Polar Research},
    author = {Lachlan-Cope, Tom},
    number = {2},
    pages = {150--158},
    volume = {29},
    doi = {10.1111/j.1751-8369.2010.00148.x},
    issn = {08000395},
    keywords = {Antarctic, Clouds, Mixed phase}
}

@article{Kohyama2016,
    title = {{Antarctic sea ice response to weather and climate modes of variability}},
    year = {2016},
    journal = {Journal of Climate},
    author = {Kohyama, Tsubasa and Hartmann, Dennis L.},
    number = {2},
    pages = {721--741},
    volume = {29},
    doi = {10.1175/JCLI-D-15-0301.1},
    issn = {08948755},
    keywords = {Annular mode, Antarctic Oscillation, Circulation/Dynamics, ENSO, Planetary waves, Rossby waves, Stationary waves}
}

@article{Parkinson1999,
    title = {{Arctic sea ice extents, areas, and trends, 1978-1996}},
    year = {1999},
    journal = {Journal of Geophysical Research: Oceans},
    author = {Parkinson, Claire L and Cavalieri, Donald J and Gloersen, Per and Zwally, H Jay and Comiso, Josefino C},
    number = {C9},
    month = {9},
    pages = {20837--20856},
    volume = {104},
    url = {http://doi.wiley.com/10.1029/1999JC900082},
    doi = {10.1029/1999JC900082},
    issn = {01480227},
    keywords = {doi:10.1029/1999JC900082, http://dx.doi.org/10.1029/1999JC900082}
}

@article{Gonzalez2018,
    title = {{Atmospheric patterns over the Antarctic Peninsula}},
    year = {2018},
    journal = {Journal of Climate},
    author = {Gonzalez, Sergi and Vasallo, Francisco and Recio-Blitz, Cayetana and Guijarro, José A. and Riesco, Jesús},
    number = {9},
    pages = {3597--3608},
    volume = {31},
    doi = {10.1175/JCLI-D-17-0598.1},
    issn = {08948755},
    keywords = {Antarctica, ENSO, Pattern detection, Southern Oscillation, Synoptic climatology}
}

@article{Ummenhofer2009a,
    title = {{Causes of late twentieth-century trends in New Zealand precipitation}},
    year = {2009},
    journal = {Journal of Climate},
    author = {Ummenhofer, Caroline C. and Sen Gupta, Alexander and England, Matthew H.},
    number = {1},
    pages = {3--19},
    volume = {22},
    doi = {10.1175/2008JCLI2323.1},
    issn = {08948755}
}

@article{Beaulieu2012,
    title = {{Change-point analysis as a tool to detect abrupt climate variations}},
    year = {2012},
    journal = {Philosophical Transactions of the Royal Society A: Mathematical, Physical and Engineering Sciences},
    author = {Beaulieu, Claudie and Chen, Jie and Sarmiento, Jorge L.},
    number = {1962},
    month = {3},
    pages = {1228--1249},
    volume = {370},
    publisher = {Royal Society},
    doi = {10.1098/rsta.2011.0383},
    issn = {1364503X},
    keywords = {Abrupt climate change, Autocorrelation, Change-point detection, Regime shift}
}

@article{Stroeve2014,
    title = {{Changes in Arctic melt season and implications for sea ice loss}},
    year = {2014},
    journal = {Geophysical Research Letters},
    author = {Stroeve, J. C. and Markus, T. and Boisvert, L. and Miller, J. and Barrett, A.},
    isbn = {1944-8007},
    doi = {10.1002/2013GL058951},
    issn = {19448007},
    keywords = {Arctic, sea ice}
}

@article{Plummer1999,
    title = {{Changes in Climate Extremes Over the Australian Region and New Zealand During the Twentieth Century BT  - Weather and Climate Extremes: Changes, Variations and a Perspective from the Insurance Industry}},
    year = {1999},
    author = {Plummer, Neil and Salinger, M James and Nicholls, Neville and Suppiah, Ramasamy and Hennessy, Kevin J and Leighton, Robert M and Trewin, Blair and Page, Cher M and Lough, Janice M},
    pages = {183--202},
    url = {http://dx.doi.org/10.1007/978-94-015-9265-9_12},
    isbn = {978-94-015-9265-9},
    doi = {10.1007/978-94-015-9265-9{\_}12}
}

@article{Renwick2010a,
    title = {{Comment on “Influence of the Southern Oscillation on tropospheric temperature” by J. D. McLean, C. R. de Freitas, and R. M. Carter}},
    year = {2010},
    journal = {Journal of Geophysical Research},
    author = {Renwick, J. and Mullan, B. and Mann, M. E. and Salinger, J. and Jones, P. D. and Trenberth, K. E. and Annan, J. D. and Schmidt, G. A. and Foster, G.},
    number = {D9},
    pages = {3--6},
    volume = {115},
    doi = {10.1029/2009jd012960},
    issn = {0148-0227},
    keywords = {Southern Oscillation, http://dx.doi.org/10.1029/2009JD012960, doi:10.102, o{\&}{\#}8211}
}

@article{Boers2013,
    title = {{Complex networks identify spatial patterns of extreme rainfall events of the South American Monsoon System}},
    year = {2013},
    journal = {Geophysical Research Letters},
    author = {Boers, Niklas and Bookhagen, Bodo and Marwan, Norbert and Kurths, Jürgen and Marengo, José},
    number = {16},
    pages = {4386--4392},
    volume = {40},
    isbn = {0094-8276},
    doi = {10.1002/grl.50681},
    issn = {00948276},
    keywords = {climate networks, event synchronization, extreme precipitation, high resolution rainfall data, nonlinear correlation measures}
}

@article{Wang2019,
    title = {{Compounding tropical and stratospheric forcing of the record low Antarctic sea-ice in 2016}},
    year = {2019},
    journal = {Nature Communications},
    author = {Wang, Guomin and Hendon, Harry H. and Arblaster, Julie M. and Lim, Eun Pa and Abhik, S. and van Rensch, Peter},
    number = {1},
    pages = {1--9},
    volume = {10},
    publisher = {Springer US},
    url = {http://dx.doi.org/10.1038/s41467-018-07689-7},
    doi = {10.1038/s41467-018-07689-7},
    issn = {20411723},
    pmid = {30600314}
}

@article{Pons2005,
    title = {{Computing communities in large networks using random walks}},
    year = {2005},
    journal = {Lecture Notes in Computer Science (including subseries Lecture Notes in Artificial Intelligence and Lecture Notes in Bioinformatics)},
    author = {Pons, Pascal and Latapy, Matthieu},
    pages = {284--293},
    volume = {3733 LNCS},
    isbn = {3540294147},
    doi = {10.1007/11569596{\_}31},
    issn = {03029743},
    arxivId = {arXiv:physics/0512106v1},
    archivePrefix = {arXiv},
    eprint = {0512106v1},
    primaryClass = {physics},
    keywords = {community structure, complex networks, graph theory, random walks}
}

@article{Fogt2006,
    title = {{Decadal Variability of the ENSO Teleconnection to the High-Latitude South Pacific Governed by Coupling with the Southern Annular Mode}},
    year = {2006},
    author = {Fogt, Ryan L and Bromwich, David H},
    url = {http://data.ecmwf.int/data/}
}

@article{Kang2013,
    title = {{Detecting and Classifying Events in Noisy Time Series}},
    year = {2013},
    journal = {Journal of the Atmospheric Sciences},
    author = {Kang, Yanfei and Belu{\v{s}}i{\'{c}}, Danijel and Smith-Miles, Kate},
    doi = {10.1175/jas-d-13-0182.1},
    issn = {0022-4928}
}

@article{Belchansky2004,
    title = {{Duration of the Arctic sea ice melt season: Regional and interannual variability, 1979-2001}},
    year = {2004},
    journal = {Journal of Climate},
    author = {Belchansky, G. I. and Douglas, D. C. and Platonov, N. G.},
    number = {1},
    pages = {67--80},
    volume = {17},
    doi = {10.1175/1520-0442(2004)017<0067:DOTASI>2.0.CO;2},
    issn = {08948755}
}

@article{Toggweiler1995,
    title = {{Effect of Sea Ice on the Salinity of Antarctic Bottom Waters}},
    year = {1995},
    journal = {Journal of Physical Oceanography},
    author = {Toggweiler, J. R. and Samuels, B.},
    number = {9},
    month = {9},
    pages = {1980--1997},
    volume = {25},
    publisher = {American Meteorological Society},
    doi = {10.1175/1520-0485(1995)025<1980:eosiot>2.0.co;2},
    issn = {0022-3670}
}

@article{Yuan2004,
    title = {{ENSO-related impacts on Antarctic sea ice: A synthesis of phenomenon and mechanisms}},
    year = {2004},
    journal = {Antarctic Science},
    author = {Yuan, Xiaojun},
    number = {4},
    month = {12},
    pages = {415--425},
    volume = {16},
    doi = {10.1017/S0954102004002238},
    issn = {09541020},
    keywords = {Heat flux, Jet stream, Meridional circulation, Rossby Wave, Teleconnection, The Southern Hemisphere}
}

@article{Liu2002,
    title = {{Evaluating Antarctic sea ice variability and its teleconnections in global climate models}},
    year = {2002},
    journal = {International Journal of Climatology},
    author = {Liu, Jiping and Martinson, Douglas G. and Yuan, Xiaojun and Rind, David},
    number = {8},
    month = {6},
    pages = {885--900},
    volume = {22},
    doi = {10.1002/joc.770},
    issn = {08998418},
    keywords = {Amundsen, Antarctic sea ice edge, Bellingshausen, ENSO, Global climate models, Ross and Weddell Seas, Teleconnection patterns}
}

@article{Kostov2017,
    title = {{Fast and slow responses of Southern Ocean sea surface temperature to SAM in coupled climate models}},
    year = {2017},
    journal = {Climate Dynamics},
    author = {Kostov, Yavor and Marshall, John and Hausmann, Ute and Armour, Kyle C. and Ferreira, David and Holland, Marika M.},
    number = {5-6},
    pages = {1595--1609},
    volume = {48},
    publisher = {Springer Berlin Heidelberg},
    isbn = {0038201631},
    doi = {10.1007/s00382-016-3162-z},
    issn = {14320894},
    keywords = {Atmosphere–ocean interaction, CMIP5, Southern Annular Mode, Southern Ocean, Surface westerlies}
}

@article{Blondel2008,
    title = {{Fast unfolding of communities in large networks}},
    year = {2008},
    journal = {Journal of Statistical Mechanics: Theory and Experiment},
    author = {Blondel, Vincent D. and Guillaume, Jean Loup and Lambiotte, Renaud and Lefebvre, Etienne},
    number = {10},
    pages = {1--12},
    volume = {2008},
    doi = {10.1088/1742-5468/2008/10/P10008},
    issn = {17425468},
    arxivId = {arXiv:0803.0476v2},
    keywords = {Networks, New applications of statistical mechanics, Random graphs}
}

@article{Newman2006,
    title = {{Finding community structure in networks using the eigenvectors of matrices}},
    year = {2006},
    journal = {Physical Review E - Statistical, Nonlinear, and Soft Matter Physics},
    author = {Newman, M. E.J.},
    number = {3},
    volume = {74},
    doi = {10.1103/PhysRevE.74.036104},
    issn = {15502376},
    arxivId = {arXiv:physics/0605087v3},
    archivePrefix = {arXiv},
    eprint = {0605087v3},
    primaryClass = {physics}
}

@article{Clauset2004,
    title = {{Finding community structure in very large networks}},
    year = {2004},
    journal = {Physical Review E - Statistical Physics, Plasmas, Fluids, and Related Interdisciplinary Topics},
    author = {Clauset, Aaron and Newman, M. E.J. and Moore, Cristopher},
    number = {6},
    pages = {6},
    volume = {70},
    doi = {10.1103/PhysRevE.70.066111},
    issn = {1063651X},
    arxivId = {arXiv:cond-mat/0408187v2},
    archivePrefix = {arXiv},
    eprint = {0408187v2},
    primaryClass = {cond-mat}
}

@article{Rayner2003,
    title = {{Global analyses of sea surface temperature, sea ice, and night marine air temperature since the late nineteenth century}},
    year = {2003},
    journal = {J. Geophys. Res},
    author = {Rayner, N A and Parker, D E and Horton, E B and Folland, C K and Alexander, L V and Rowell, D P and Kent, E C and Kaplan, A},
    number = {D14},
    pages = {4407},
    volume = {108},
    url = {http://www.nsidc.org},
    doi = {10.1029/2002JD002670},
    keywords = {1635 Global Change: Oceans (4203), 1827 Hydrology: Glaciology (1863), 3339 Meteorology and Atmospheric Dynamics: Ocean/a, INDEX TERMS: 1610 Global Change: Atmosphere (0315,, KEYWORDS: sea surface temperature, sea ice, night}
}

@article{Rayner2003b,
    title = {{Global analyses of sea surface temperature, sea ice, and night marine air temperature since the late nineteenth century}},
    year = {2003},
    journal = {Journal of Geophysical Research},
    author = {Rayner, N. A.},
    isbn = {2156-2202},
    doi = {10.1029/2002jd002670},
    issn = {0148-0227}
}

@article{Bromwich1998,
    title = {{Global atmospheric responses to Antarctic forcing}},
    year = {1998},
    journal = {Annals of Glaciology},
    author = {Bromwich, David H. and Chen, Biao and Hines, Keith M. and Cullather, Richard I.},
    month = {1},
    pages = {521--527},
    volume = {27},
    url = {https://www.cambridge.org/core/product/identifier/S0260305500018000/type/journal_article},
    doi = {10.3189/1998AoG27-1-521-527},
    issn = {0260-3055}
}

@article{Washington1996,
    title = {{High-latitude climate change in a global coupled oceanatmosphere-sea ice model with increased atmospheric CO2}},
    year = {1996},
    journal = {Journal of Geophysical Research Atmospheres},
    author = {Washington, Warren M. and Meehl, Gerald A.},
    number = {D8},
    pages = {12795--12801},
    volume = {101},
    publisher = {Blackwell Publishing Ltd},
    doi = {10.1029/96JD00505},
    issn = {01480227}
}

@article{Jin2010a,
    title = {{How the annual cycle affects the extratropical response to ENSO}},
    year = {2010},
    journal = {Journal of Geophysical Research Atmospheres},
    author = {Jin, Daeho and Kirtman, Ben P.},
    number = {6},
    pages = {1--11},
    volume = {115},
    doi = {10.1029/2009JD012660},
    issn = {01480227},
    keywords = {http://dx.doi.org/10.1029/2009JD012660, doi:10.102}
}

@article{Lawson2014,
    title = {{Impact of Antarctic mixed-phase clouds on climate}},
    year = {2014},
    journal = {Proceedings of the National Academy of Sciences},
    author = {Lawson, R. Paul and Gettelman, Andrew},
    number = {51},
    pages = {18156--18161},
    volume = {111},
    isbn = {1091-6490 (Electronic) 0027-8424 (Linking)},
    doi = {10.1073/pnas.1418197111},
    issn = {0027-8424},
    pmid = {25489069}
}

@article{Yuan2017,
    title = {{Increase of the Antarctic Sea Ice Extent is highly significant only in the Ross Sea}},
    year = {2017},
    journal = {Scientific Reports},
    author = {Yuan, Naiming and Ding, Minghu and Ludescher, Josef and Bunde, Armin},
    number = {October 2016},
    pages = {1--8},
    volume = {7},
    publisher = {Nature Publishing Group},
    url = {http://dx.doi.org/10.1038/srep41096},
    doi = {10.1038/srep41096},
    issn = {20452322}
}

@article{Perovich2007,
    title = {{Increasing solar heating of the Arctic Ocean and adjacent seas, 1979-2005: Attribution and role in the ice-albedo feedback}},
    year = {2007},
    journal = {Geophysical Research Letters},
    author = {Perovich, Donald K. and Light, Bonnie and Eicken, Hajo and Jones, Kathleen F. and Runciman, Kay and Nghiem, Son V.},
    number = {19},
    month = {10},
    volume = {34},
    doi = {10.1029/2007GL031480},
    issn = {00948276}
}

@article{White1999a,
    title = {{Influence of the Antarctic Circumpolar Wave upon New Zealand temperature and precipitation during autumn-winter}},
    year = {1999},
    journal = {Journal of Climate},
    author = {White, Warren B. and Cherry, Neil J.},
    number = {4},
    pages = {960--976},
    volume = {12},
    doi = {10.1175/1520-0442(1999)012<0960:IOTACW>2.0.CO;2},
    issn = {08948755}
}

@article{Jevrejeva2003,
    title = {{Influence of the Arctic Oscillation and El Ni{\~{n}}o-Southern Oscillation (ENSO) on ice conditions in the Baltic Sea: The wavelet approach}},
    year = {2003},
    journal = {Journal of Geophysical Research: Atmospheres},
    author = {Jevrejeva, S. and Moore, J. C. and Grinsted, A.},
    number = {D21},
    volume = {108},
    doi = {10.1029/2003jd003417}
}

@article{Lefebvre2004,
    title = {{Influence of the Southern Annular Mode on the sea ice - Ocean system}},
    year = {2004},
    journal = {Journal of Geophysical Research C: Oceans},
    author = {Lefebvre, W. and Goosse, H. and Timmermann, R. and Fichefet, T.},
    number = {9},
    month = {9},
    pages = {1--12},
    volume = {109},
    doi = {10.1029/2004JC002403},
    issn = {01480227},
    keywords = {Antarctic, SAM, Sea ice-ocean system}
}

@article{Lefebvre2004a,
    title = {{Influence of the Southern Annular Mode on the sea ice - Ocean system}},
    year = {2004},
    journal = {Journal of Geophysical Research C: Oceans},
    author = {Lefebvre, W. and Goosse, H. and Timmermann, R. and Fichefet, T.},
    number = {9},
    month = {9},
    pages = {1--12},
    volume = {109},
    doi = {10.1029/2004JC002403},
    issn = {01480227},
    keywords = {Antarctic, SAM, Sea ice-ocean system}
}

@article{Ummenhofer2007,
    title = {{Interannual Extremes in New Zealand Precipitation Linked to Modes of Southern}},
    year = {2007},
    journal = {Journal of Climate},
    author = {Ummenhofer, C and England, M},
    number = {21},
    pages = {5418--5440},
    volume = {20},
    doi = {10.1175/2007JCLI1430.1},
    issn = {0894-8755}
}

@article{Thompson2002,
    title = {{Interpretation of recent Southern Hemisphere climate change}},
    year = {2002},
    journal = {Science},
    author = {Thompson, David W.J. and Solomon, Susan},
    number = {5569},
    pages = {895--899},
    volume = {296},
    isbn = {0036-8075},
    doi = {10.1126/science.1069270},
    issn = {00368075},
    pmid = {11988571}
}

@article{Stroeve2016,
    title = {{Mapping and assessing variability in the Antarctic marginal ice zone, pack ice and coastal polynyas in two sea ice algorithms with implications on breeding success of snow petrels}},
    year = {2016},
    journal = {The Cryosphere},
    author = {Stroeve, Julienne C and Jenouvrier, Stephanie and Campbell, G Garrett and Barbraud, Christophe and Delord, Karine},
    pages = {1823--1843},
    volume = {10},
    url = {www.the-cryosphere.net/10/1823/2016/},
    doi = {10.5194/tc-10-1823-2016}
}

@article{Rojo2017,
    title = {{Modeling pollen time series using seasonal-trend decomposition procedure based on LOESS smoothing}},
    year = {2017},
    journal = {International Journal of Biometeorology},
    author = {Rojo, Jesús and Rivero, Rosario and Romero-Morte, Jorge and Fern{\'{a}}ndez-Gonz{\'{a}}lez, Federico and P{\'{e}}rez-Badia, Rosa},
    number = {2},
    month = {2},
    pages = {335--348},
    volume = {61},
    url = {http://link.springer.com/10.1007/s00484-016-1215-y},
    doi = {10.1007/s00484-016-1215-y},
    issn = {00207128},
    keywords = {Daily variations, Flowering phenology, Grass pollen, Meteorological variables, Seasonality},
    language = {en}
}

@article{Ionita2018,
    title = {{Moisture transport and Antarctic sea ice: Austral spring 2016 event}},
    year = {2018},
    journal = {Earth System Dynamics},
    author = {Ionita, Monica and Scholz, Patrick and Grosfeld, Klaus and Treffeisen, Renate},
    number = {3},
    pages = {939--954},
    volume = {9},
    doi = {10.5194/esd-9-939-2018},
    issn = {21904987}
}

@article{Salinger1999,
    title = {{New Zealand Climate: Temperature variations and their links to atmospheric circulation}},
    year = {1999},
    journal = {International Journal of Climatology},
    author = {Salinger, M. J. and Mullen, A. B.},
    pages = {1049 - 1071},
    volume = {19},
    keywords = {climate monitoring region, climate trends, climate variable, decadal variability, el nin, new, o, principal component analysis, s, technique, zealand}
}

@article{Runge2012,
    title = {{Quantifying causal coupling strength: A lag-specific measure for multivariate time series related to transfer entropy}},
    year = {2012},
    journal = {Physical Review E - Statistical, Nonlinear, and Soft Matter Physics},
    author = {Runge, Jakob and Heitzig, Jobst and Marwan, Norbert and Kurths, Jürgen},
    number = {6},
    volume = {86},
    doi = {10.1103/PhysRevE.86.061121},
    issn = {15393755}
}

@article{Turner2020a,
    title = {{Recent Decrease of Summer Sea Ice in the Weddell Sea, Antarctica}},
    year = {2020},
    journal = {Geophysical Research Letters},
    author = {Turner, John and Guarino, Maria Vittoria and Arnatt, Jack and Jena, Babula and Marshall, Gareth J. and Phillips, Tony and Bajish, C. C. and Clem, Kyle and Wang, Zhaomin and Andersson, Tom and Murphy, Eugene J. and Cavanagh, Rachel},
    doi = {10.1029/2020gl087127},
    issn = {0094-8276}
}

@article{Turner2020b,
    title = {{Recent Decrease of Summer Sea Ice in the Weddell Sea, Antarctica}},
    year = {2020},
    journal = {Geophysical Research Letters},
    author = {Turner, John and Guarino, Maria Vittoria and Arnatt, Jack and Jena, Babula and Marshall, Gareth J. and Phillips, Tony and Bajish, C. C. and Clem, Kyle and Wang, Zhaomin and Andersson, Tom and Murphy, Eugene J. and Cavanagh, Rachel},
    number = {11},
    volume = {47},
    doi = {10.1029/2020GL087127},
    issn = {19448007},
    keywords = {Antarctica, Weddell Sea, climate change, cryosphere, polynya, sea ice}
}

@article{Gillett2006,
    title = {{Regional climate impacts of the Southern Annular Mode}},
    year = {2006},
    journal = {Geophysical Research Letters},
    author = {Gillett, N. P. and Kell, T. D. and Jones, P. D.},
    number = {23},
    month = {12},
    pages = {L23704},
    volume = {33},
    url = {http://doi.wiley.com/10.1029/2006GL027721},
    doi = {10.1029/2006GL027721},
    issn = {0094-8276}
}

@article{Kurths2013,
    title = {{Reliability of Inference of Directed Climate Networks Using Conditional Mutual Information}},
    year = {2013},
    journal = {Entropy},
    author = {Kurths, Jürgen and Runge, Jakob and Hlinka, Jaroslav and Palu{\v{s}}, Milan and Marwan, Norbert and Hartman, David and Vejmelka, Martin},
    number = {12},
    pages = {2023--2045},
    volume = {15},
    doi = {10.3390/e15062023},
    keywords = {causality, climate, network, nonlinearity, stability, transfer entropy}
}

@article{Dangalchev2006,
    title = {{Residual closeness in networks}},
    year = {2006},
    journal = {Physica A: Statistical Mechanics and its Applications},
    author = {Dangalchev, Chavdar},
    doi = {10.1016/j.physa.2005.12.020},
    issn = {03784371},
    keywords = {Closeness, Connectivity, Graph vulnerability, Toughness, Vertex integrity}
}

@misc{Cavalieri1996,
    title = {{Sea Ice Concentrations from Nimbus-7 SMMR and DMSP SSM/I-SSMIS Passive Microwave Data, Version 1}},
    year = {1996},
    author = {Cavalieri, D. J. and Parkinson, C. L. and Gloersen, P. and Zwally, H. J.},
    url = {https://nsidc.org/data/nsidc-0051},
    address = {Boulder, Colorado USA. NASA National Snow and Ice Data Center Distributed Active Archive Center},
    doi = {https://doi.org/10.5067/8GQ8LZQVL0VL.}
}

@article{Holland2017,
    title = {{Sensitivity of Antarctic sea ice to the Southern Annular Mode in coupled climate models}},
    year = {2017},
    journal = {Climate Dynamics},
    author = {Holland, Marika M. and Landrum, Laura and Kostov, Yavor and Marshall, John},
    number = {5-6},
    pages = {1813--1831},
    volume = {49},
    publisher = {Springer Berlin Heidelberg},
    doi = {10.1007/s00382-016-3424-9},
    issn = {14320894},
    keywords = {Antarctic sea ice, Climate models, Southern Annular Mode}
}

@article{Clem2015,
    title = {{South Pacific circulation changes and their connection to the tropics and regional Antarctic warming in austral spring, 1979-2012}},
    year = {2015},
    journal = {Journal of Geophysical Research},
    author = {Clem, Kyle R. and Fogt, Ryan L.},
    number = {7},
    pages = {2773--2792},
    volume = {120},
    publisher = {Wiley-Blackwell},
    doi = {10.1002/2014JD022940},
    issn = {21562202}
}

@article{Clem2015a,
    title = {{South Pacific circulation changes and their connection to the tropics and regional Antarctic warming in austral spring, 1979-2012}},
    year = {2015},
    journal = {Journal of Geophysical Research},
    author = {Clem, Kyle R. and Fogt, Ryan L.},
    number = {7},
    pages = {2773--2792},
    volume = {120},
    publisher = {Wiley-Blackwell},
    doi = {10.1002/2014JD022940},
    issn = {21562202}
}

@article{Clem2015b,
    title = {{South Pacific circulation changes and their connection to the tropics and regional Antarctic warming in austral spring, 1979-2012}},
    year = {2015},
    journal = {Journal of Geophysical Research},
    author = {Clem, Kyle R. and Fogt, Ryan L.},
    number = {7},
    pages = {2773--2792},
    volume = {120},
    publisher = {Wiley-Blackwell},
    doi = {10.1002/2014JD022940},
    issn = {21562202}
}

@article{Mullan1998,
    title = {{Southern Hemisphere sea-surface temperatures and their contemporary and lag association with New Zealand temperature and precipitation}},
    year = {1998},
    journal = {International Journal of Climatology},
    author = {Mullan, A. B.},
    number = {8},
    pages = {817--840},
    volume = {18},
    doi = {10.1002/(SICI)1097-0088(19980630)18:8<817::AID-JOC261>3.0.CO;2-E},
    issn = {08998418},
    keywords = {air, analysis, australasian sea level pressure, climate anomalies, connections, cross-correlation, empirical orthogonal, enso, eof, function, new, new zealand monthly rainfall, new zealand monthly temperature, prewhitening, sea interaction, sea-surface temperature, southern hemisphere, tele-, zealand}
}

@article{Kwok2002,
    title = {{Southern Ocean climate and sea ice anomalies associated with the Southern Oscillation}},
    year = {2002},
    journal = {Journal of Climate},
    author = {Kwok, R. and Comiso, J. C.},
    number = {5},
    pages = {487--501},
    volume = {15},
    doi = {10.1175/1520-0442(2002)015<0487:SOCASI>2.0.CO;2},
    issn = {08948755}
}

@article{Lorrey2018,
    title = {{Southwest Pacific atmospheric weather regimes: linkages to ENSO and extra-tropical teleconnections}},
    year = {2018},
    journal = {International Journal of Climatology},
    author = {Lorrey, Andrew M. and Fauchereau, Nicolas C.},
    number = {4},
    pages = {1893--1909},
    volume = {38},
    doi = {10.1002/joc.5304},
    issn = {10970088},
    keywords = {ENSO, Pacific Islands, rainfall, reanalysis fields, synoptic types}
}

@article{doi:10.1175/2019BAMSStateoftheClimate.1,
    title = {{State of the Climate in 2018}},
    year = {2019},
    journal = {Bulletin of the American Meteorological Society},
    author = {Blunden, Jessica and Arndt, Derek S},
    number = {9},
    pages = {Si-S306},
    volume = {100},
    url = {https://doi.org/10.1175/2019BAMSStateoftheClimate.1},
    doi = {10.1175/2019BAMSStateoftheClimate.1}
}

@article{Cleveland1990,
    title = {{STL: A Seasonal-Trend Decomposition Procedure Based on Loess}},
    year = {1990},
    journal = {Journal of Official Statistics},
    author = {Cleveland, Robert B and Cleveland, William S and Terpenning, Irma},
    number = {1},
    month = {3},
    pages = {3},
    volume = {6},
    url = {https://search-proquest-com.ezproxy.auckland.ac.nz/docview/1266805989},
    isbn = {0282-423X},
    language = {English}
}

@article{Meehl2018,
    title = {{Sustained ocean changes contributed to sudden Antarctic sea ice retreat in late 2016}},
    year = {2018},
    journal = {Nature Communications},
    author = {Meehl, Gerald A. and Arblaster, Julie M. and Chung, Christine T. Y. and Holland, Marika M. and DuVivier, Alice and Thompson, LuAnne and Yang, Dongxia and Bitz, Cecilia M. and Holland, Marika M. and Meehl, Gerald A. and Chung, Christine T. Y. and DuVivier, Alice and Arblaster, Julie M.},
    number = {1},
    month = {12},
    pages = {1--9},
    volume = {10},
    publisher = {Springer US},
    url = {http://dx.doi.org/10.1038/s41467-018-07865-9 http://www.nature.com/articles/s41467-018-07865-9},
    doi = {10.1038/s41467-018-07865-9},
    issn = {2041-1723}
}

@article{Lachlan-Cope2006,
    title = {{Teleconnections between the tropical Pacific and the Amundsen-Bellinghausens Sea: Role of the El Ni{\~{n}}o/Southern Oscillation}},
    year = {2006},
    journal = {Journal of Geophysical Research Atmospheres},
    author = {Lachlan-Cope, Tom and Connolley, William},
    number = {23},
    month = {12},
    volume = {111},
    publisher = {Blackwell Publishing Ltd},
    doi = {10.1029/2005JD006386},
    issn = {01480227}
}

@article{Lachlan-Cope2006a,
    title = {{Teleconnections between the tropical Pacific and the Amundsen-Bellinghausens Sea: Role of the El Ni{\~{n}}o/Southern Oscillation}},
    year = {2006},
    journal = {Journal of Geophysical Research Atmospheres},
    author = {Lachlan-Cope, Tom and Connolley, William},
    number = {23},
    month = {12},
    volume = {111},
    publisher = {Blackwell Publishing Ltd},
    doi = {10.1029/2005JD006386},
    issn = {01480227}
}

@article{Yuan2001,
    title = {{The Antarctic dipole and its predictability}},
    year = {2001},
    journal = {Geophysical Research Letters},
    author = {Yuan, Xiaojun and Martinson, Douglas G.},
    number = {18},
    month = {9},
    pages = {3609--3612},
    volume = {28},
    url = {http://doi.wiley.com/10.1029/2001GL012969},
    doi = {10.1029/2001GL012969},
    issn = {00948276}
}

@article{Turner2019,
    title = {{The Dominant Role of Extreme Precipitation Events in Antarctic Snowfall Variability}},
    year = {2019},
    journal = {Geophysical Research Letters},
    author = {Turner, John and Phillips, Tony and Thamban, Meloth and Rahaman, Waliur and Marshall, Gareth J and Wille, Jonathan D and Favier, Vincent and Winton, Holly and Thomas, Elizabeth and Wang, Zaomin and van den Broeke, Michiel and Hosking, J Scott and Lachlan-Cope, Tom},
    url = {http://doi.wiley.com/10.1029/2018GL081517},
    doi = {10.1029/2018GL081517},
    issn = {00948276},
    keywords = {Antarctica, Precipitation, extremes, snowfall, variability}
}

@article{Zubiaurre2012a,
    title = {{The El Ni{\~{n}}o-Southern Oscillation (ENSO) Modoki signal in the stratosphere}},
    year = {2012},
    journal = {Journal of Geophysical Research Atmospheres},
    author = {Zubiaurre, I. and Calvo, N.},
    number = {4},
    pages = {1--15},
    volume = {117},
    doi = {10.1029/2011JD016690},
    issn = {01480227},
    keywords = {ENSO Modoki, El Ni{\~{n}}o Modoki, central Pacific El Ni{\~{n}}o, stratosphere, warm pool El Ni{\~{n}}o}
}

@article{Dee2011,
    title = {{The ERA-Interim reanalysis: Configuration and performance of the data assimilation system}},
    year = {2011},
    journal = {Quarterly Journal of the Royal Meteorological Society},
    author = {Dee, D. P. and Uppala, S. M. and Simmons, A. J. and Berrisford, P. and Poli, P. and Kobayashi, S. and Andrae, U. and Balmaseda, M. A. and Balsamo, G. and Bauer, P. and Bechtold, P. and Beljaars, A. C.M. and van de Berg, L. and Bidlot, J. and Bormann, N. and Delsol, C. and Dragani, R. and Fuentes, M. and Geer, A. J. and Haimberger, L. and Healy, S. B. and Hersbach, H. and H{\'{o}}lm, E. V. and Isaksen, L. and K{\aa}llberg, P. and K{\"{o}}hler, M. and Matricardi, M. and Mcnally, A. P. and Monge-Sanz, B. M. and Morcrette, J. J. and Park, B. K. and Peubey, C. and de Rosnay, P. and Tavolato, C. and Th{\'{e}}paut, J. N. and Vitart, F.},
    number = {656},
    month = {4},
    pages = {553--597},
    volume = {137},
    doi = {10.1002/qj.828},
    issn = {00359009},
    keywords = {4D-Var, ERA-40, Forecast model, Hydrological cycle, Observations, Stratospheric circulation}
}

@article{Turner2013,
    title = {{The impact of changes in sea ice advance on the large winter warming on the western Antarctic Peninsula}},
    year = {2013},
    journal = {International Journal of Climatology},
    author = {Turner, John and Maksym, Ted and Phillips, Tony and Marshall, Gareth J. and Meredith, Michael P.},
    number = {4},
    month = {3},
    pages = {852--861},
    volume = {33},
    doi = {10.1002/joc.3474},
    issn = {08998418},
    keywords = {Antarctic warming, Faraday station, Sea ice, Vernadsky station}
}

@article{Stephens2000,
    title = {{The influence of antarctic sea ice on glacial-interglacial CO 2 variations}},
    year = {2000},
    journal = {Nature},
    author = {Stephens, Britton B. and Keeling, Ralph F.},
    number = {6774},
    month = {3},
    pages = {171--174},
    volume = {404},
    doi = {10.1038/35004556},
    issn = {00280836}
}

@misc{Yuan2018,
    title = {{The interconnected global climate system-a review of tropical-polar teleconnections}},
    year = {2018},
    booktitle = {Journal of Climate},
    author = {Yuan, Xiaojun and Kaplan, Michael R. and Cane, Mark A.},
    number = {15},
    month = {8},
    pages = {5765--5792},
    volume = {31},
    publisher = {American Meteorological Society},
    doi = {10.1175/JCLI-D-16-0637.1},
    issn = {08948755},
    keywords = {Atmosphere-ocean interaction, Atmospheric circulation, Deep convection, ENSO, Rossby waves, Teleconnections}
}

@article{Rosvall2009,
    title = {{The map equation}},
    year = {2009},
    journal = {European Physical Journal: Special Topics},
    author = {Rosvall, M. and Axelsson, D. and Bergstrom, C. T.},
    number = {1},
    pages = {13--23},
    volume = {178},
    isbn = {2010011791},
    doi = {10.1140/epjst/e2010-01179-1},
    issn = {19516355}
}

@article{Clem2016,
    title = {{The relative influence of ENSO and SAM on antarctic Peninsula climate}},
    year = {2016},
    journal = {Journal of Geophysical Research},
    author = {Clem, Kyle R. and Renwick, James A. and McGregor, James and Fogt, Ryan L.},
    number = {16},
    pages = {9324--9341},
    volume = {121},
    publisher = {Wiley-Blackwell},
    doi = {10.1002/2016JD025305},
    issn = {21562202}
}

@article{Clem2016a,
    title = {{The relative influence of ENSO and SAM on Antarctic Peninsula climate}},
    year = {2016},
    journal = {Journal of Geophysical Research: Atmospheres},
    author = {Clem, Kyle R. and Renwick, James A. and McGregor, James and Fogt, Ryan L.},
    number = {16},
    month = {8},
    pages = {9324--9341},
    volume = {121},
    url = {http://doi.wiley.com/10.1002/2016JD025305},
    doi = {10.1002/2016JD025305},
    issn = {2169897X},
    keywords = {10.1002/2016JD025305 and Antarctic Peninsula, Amundsen Sea Low, ENSO, SAM, climate variability}
}

@article{Rind1995,
    title = {{The role of sea ice in 2 × CO2 climate model sensitivity. Part I: the total influence of sea ice thickness and extent}},
    year = {1995},
    journal = {Journal of Climate},
    author = {Rind, D. and Healy, R. and Parkinson, C. and Martinson, D.},
    number = {3},
    pages = {449--463},
    volume = {8},
    doi = {10.1175/1520-0442(1995)008<0449:TROSII>2.0.CO;2},
    issn = {08948755}
}

@article{Stammerjohn2008,
    title = {{Trends in Antarctic annual sea ice retreat and advance and their relation to El Ni{\~{n}}o–Southern Oscillation and Southern Annular Mode variability}},
    year = {2008},
    journal = {Journal of Geophysical Research},
    author = {Stammerjohn, S. E. and Yuan, X. and Smith, R. C. and Rind, D. and Martinson, D. G.},
    number = {C3},
    volume = {113},
    doi = {10.1029/2007jc004269},
    issn = {0148-0227}
}

@article{Stammerjohn2008a,
    title = {{Trends in Antarctic annual sea ice retreat and advance and their relation to El Ni{\~{n}}o–Southern Oscillation and Southern Annular Mode variability}},
    year = {2008},
    journal = {Journal of Geophysical Research},
    author = {Stammerjohn, S. E. and Martinson, D. G. and Smith, R. C. and Yuan, X. and Rind, D.},
    number = {C3},
    month = {3},
    volume = {113},
    publisher = {American Geophysical Union (AGU)},
    doi = {10.1029/2007jc004269},
    issn = {0148-0227}
}

@article{Parkinson2011,
    title = {{Trends in the length of the Southern Ocean sea-ice season, 1979–99}},
    year = {2002},
    journal = {Annals of Glaciology},
    author = {Parkinson, Claire L.},
    month = {9},
    pages = {435--440},
    volume = {34},
    url = {https://www.cambridge.org/core/product/identifier/S0260305500257145/type/journal_article},
    doi = {10.3189/172756402781817482},
    issn = {0260-3055}
}

@article{Marshall2003,
    title = {{Trends in the Southern Annular Mode from observations and reanalyses}},
    year = {2003},
    journal = {Journal of Climate},
    author = {Marshall, Gareth J.},
    number = {24},
    month = {12},
    pages = {4134--4143},
    volume = {16},
    doi = {10.1175/1520-0442(2003)016<4134:TITSAM>2.0.CO;2},
    issn = {08948755}
}

@article{Marshall2003a,
    title = {{Trends in the Southern Annular Mode from observations and reanalyses}},
    year = {2003},
    journal = {Journal of Climate},
    author = {Marshall, Gareth J.},
    number = {24},
    month = {12},
    pages = {4134--4143},
    volume = {16},
    doi = {10.1175/1520-0442(2003)016<4134:TITSAM>2.0.CO;2},
    issn = {08948755}
}

@article{Marshall2003b,
    title = {{Trends in the Southern Annular Mode from Observations and Reanalyses}},
    year = {2003},
    journal = {Journal of Climate},
    author = {Marshall, Gareth J.},
    number = {24},
    month = {12},
    pages = {4134--4143},
    volume = {16},
    url = {http://journals.ametsoc.org/doi/abs/10.1175/1520-0442%282003%29016%3C4134%3ATITSAM%3E2.0.CO%3B2},
    doi = {10.1175/1520-0442(2003)016<4134:TITSAM>2.0.CO;2},
    issn = {0894-8755}
}

@article{Purich2016,
    title = {{Tropical pacific SST drivers of recent antarctic sea ice trends}},
    year = {2016},
    journal = {Journal of Climate},
    author = {Purich, Ariaan and England, Matthew H. and Cai, Wenju and Chikamoto, Yoshimitsu and Timmermann, Axel and Fyfe, John C. and Frankcombe, Leela and Meehl, Gerald A. and Arblaster, Julie M.},
    number = {24},
    pages = {8931--8948},
    volume = {29},
    doi = {10.1175/JCLI-D-16-0440.1},
    issn = {08948755},
    keywords = {Antarctica, Climate models, ENSO, Interdecadal variability, Sea ice, Teleconnections}
}

@article{Fowler2004a,
    title = {{Twentieth century droughts and wet periods in Auckland (New Zealand) and their relationship to ENSO}},
    year = {2004},
    journal = {International Journal of Climatology},
    author = {Fowler, A. and Adams, K.},
    number = {15},
    pages = {1947--1961},
    volume = {24},
    doi = {10.1002/joc.1100},
    issn = {08998418},
    keywords = {Auckland, Compositing, Drought, Drought indices, ENSO, New Zealand}
}

@article{Eayrs2019,
    title = {{Understanding the Seasonal Cycle of Antarctic Sea Ice Extent in the Context of Longer‐Term Variability}},
    year = {2019},
    journal = {Reviews of Geophysics},
    author = {Eayrs, Clare and Holland, David and Francis, Diana and Wagner, Till and Kumar, Rajesh and Li, Xichen},
    month = {9},
    publisher = {American Geophysical Union (AGU)},
    doi = {10.1029/2018rg000631},
    issn = {8755-1209}
}

@article{Kretschmer2016,
    title = {{Using causal effect networks to analyze different arctic drivers of midlatitude winter circulation}},
    year = {2016},
    journal = {Journal of Climate},
    author = {Kretschmer, Marlene and Coumou, Dim and Donges, Jonathan F. and Runge, Jakob},
    number = {11},
    pages = {4069--4081},
    volume = {29},
    isbn = {08948755 (ISSN)},
    doi = {10.1175/JCLI-D-15-0654.1},
    issn = {08948755},
    keywords = {Arctic oscillation, Atm/ocean structure/ phenomena, Atmospheric circulation, Circulation/ dynamics, Mathematical and statistical techniques, Stratosphere-troposphere coupling, Teleconnections, Time series}
}

@article{Clem2013c,
    title = {{Varying roles of ENSO and SAM on the Antarctic Peninsula climate in austral spring}},
    year = {2013},
    journal = {Journal of Geophysical Research Atmospheres},
    author = {Clem, Kyle R. and Fogt, Ryan L.},
    number = {20},
    month = {10},
    pages = {11481--11492},
    volume = {118},
    publisher = {Blackwell Publishing Ltd},
    doi = {10.1002/jgrd.50860},
    issn = {21698996},
    keywords = {Antarctic Peninsula, ENSO, SAM, teleconnection}
}

@article{Clem2013a,
    title = {{Varying roles of ENSO and SAM on the Antarctic Peninsula climate in austral spring}},
    year = {2013},
    journal = {Journal of Geophysical Research Atmospheres},
    author = {Clem, Kyle R. and Fogt, Ryan L.},
    number = {20},
    month = {10},
    pages = {11481--11492},
    volume = {118},
    publisher = {Blackwell Publishing Ltd},
    doi = {10.1002/jgrd.50860},
    issn = {21698996},
    keywords = {Antarctic Peninsula, ENSO, SAM, teleconnection}
}

@article{Clem2013,
    title = {{Varying roles of ENSO and SAM on the Antarctic Peninsula climate in austral spring}},
    year = {2013},
    journal = {Journal of Geophysical Research Atmospheres},
    author = {Clem, Kyle R. and Fogt, Ryan L.},
    number = {20},
    month = {10},
    pages = {11481--11492},
    volume = {118},
    publisher = {Blackwell Publishing Ltd},
    doi = {10.1002/jgrd.50860},
    issn = {21698996},
    keywords = {Antarctic Peninsula, ENSO, SAM, teleconnection}
}

@article{Clem2013b,
    title = {{Varying roles of ENSO and SAM on the Antarctic Peninsula climate in austral spring}},
    year = {2013},
    journal = {Journal of Geophysical Research Atmospheres},
    author = {Clem, Kyle R. and Fogt, Ryan L.},
    number = {20},
    month = {10},
    pages = {11481--11492},
    volume = {118},
    publisher = {Blackwell Publishing Ltd},
    doi = {10.1002/jgrd.50860},
    issn = {21698996},
    keywords = {Antarctic Peninsula, ENSO, SAM, teleconnection}
}

@article{Eisenman2014AOverestimated,
    title = {{A spurious jump in the satellite record: has Antarctic sea ice expansion been overestimated?}},
    year = {2014},
    journal = {The Cryosphere},
    author = {Eisenman, I and Meier, W N and Norris, J R},
    pages = {1289--1296},
    volume = {8},
    url = {www.the-cryosphere.net/8/1289/2014/},
    doi = {10.5194/tc-8-1289-2014}
}

@article{FerreiraAntarcticProblem,
    title = {{Antarctic Ocean and Sea Ice Response to Ozone Depletion: A Two-Time-Scale Problem}},
    author = {Ferreira, David and Marshall, John and Bitz, Cecilia M and Solomon, Susan and Plumb, Alan},
    url = {http://journals.ametsoc.org/jcli/article-pdf/28/3/1206/4047594/jcli-d-14-00313_1.pdf},
    doi = {10.1175/JCLI-D-14-00313.1}
}

@article{Kohyama2016AntarcticVariability,
    title = {{Antarctic sea ice response to weather and climate modes of variability}},
    year = {2016},
    journal = {Journal of Climate},
    author = {Kohyama, Tsubasa and Hartmann, Dennis L.},
    number = {2},
    month = {1},
    pages = {721--741},
    volume = {29},
    publisher = {American Meteorological Society},
    doi = {10.1175/JCLI-D-15-0301.1},
    issn = {08948755},
    keywords = {Annular mode, Antarctic Oscillation, Circulation/Dynamics, ENSO, Planetary waves, Rossby waves, Stationary waves}
}

@article{Meehl2016AntarcticVariability,
    title = {{Antarctic sea-ice expansion between 2000 and 2014 driven by tropical Pacific decadal climate variability}},
    year = {2016},
    journal = {Nature Geoscience},
    author = {Meehl, Gerald A. and Arblaster, Julie M. and Bitz, Cecilia M. and Chung, Christine T.Y. and Teng, Haiyan},
    number = {8},
    month = {8},
    pages = {590--595},
    volume = {9},
    publisher = {Nature Publishing Group},
    url = {https://www.nature.com/articles/ngeo2751},
    doi = {10.1038/ngeo2751},
    issn = {17520908},
    keywords = {Atmospheric dynamics, Climate sciences, Cryospheric science}
}

@article{Wang2019Compounding2016,
    title = {{Compounding tropical and stratospheric forcing of the record low Antarctic sea-ice in 2016}},
    year = {2019},
    journal = {Nature Communications},
    author = {Wang, Guomin and Hendon, Harry H. and Arblaster, Julie M. and Lim, Eun Pa and Abhik, S. and van Rensch, Peter},
    number = {1},
    month = {12},
    pages = {1--9},
    volume = {10},
    publisher = {Nature Publishing Group},
    doi = {10.1038/s41467-018-07689-7},
    issn = {20411723},
    keywords = {Atmospheric science, Climate sciences, Cryospheric science}
}

@misc{ElNIWA,
    title = {{El Ni{\~{n}}o and La Ni{\~{n}}a | NIWA}},
    url = {https://niwa.co.nz/climate/information-and-resources/elnino}
}

@article{Lefebvre2005InfluenceForcing,
    title = {{Influence of the Southern Annular Mode on the sea ice-ocean system: The role of the thermal and mechanical forcing}},
    year = {2005},
    journal = {Ocean Science},
    author = {Lefebvre, W. and Goosse, H.},
    number = {3},
    pages = {145--157},
    volume = {1},
    publisher = {Copernicus GmbH},
    doi = {10.5194/os-1-145-2005},
    issn = {18120792}
}

@article{Doddridge2017ModulationMode,
    title = {{Modulation of the Seasonal Cycle of Antarctic Sea Ice Extent Related to the Southern Annular Mode}},
    year = {2017},
    journal = {Geophysical Research Letters},
    author = {Doddridge, Edward W. and Marshall, John},
    number = {19},
    month = {10},
    pages = {9761--9768},
    volume = {44},
    publisher = {Blackwell Publishing Ltd},
    url = {https://onlinelibrary.wiley.com/doi/abs/10.1002/2017GL074319},
    doi = {10.1002/2017GL074319},
    issn = {0094-8276},
    keywords = {Southern Annular Mode, sea ice, seasonal cycle}
}

@article{ComisoPositiveTemperature,
    title = {{Positive Trend in the Antarctic Sea Ice Cover and Associated Changes in Surface Temperature}},
    author = {Comiso, Josefino C and Gersten, Robert A and Stock, Larry V and Turner, John and Perez, Gay J and Cho, Kohei},
    url = {www.ametsoc.org/PUBSReuseLicenses},
    doi = {10.1175/JCLI-D-16-0408.1}
}

@article{Clem2020RecordDecades,
    title = {{Record warming at the South Pole during the past three decades}},
    year = {2020},
    journal = {Nature Climate Change},
    author = {Clem, Kyle R. and Fogt, Ryan L. and Turner, John and Lintner, Benjamin R. and Marshall, Gareth J. and Miller, James R. and Renwick, James A.},
    month = {6},
    pages = {1--9},
    publisher = {Nature Publishing Group},
    url = {http://www.nature.com/articles/s41558-020-0815-z},
    doi = {10.1038/s41558-020-0815-z},
    issn = {1758-678X},
    keywords = {Atmospheric dynamics, Attribution, Climate and Earth system modelling, Cryospheric science}
}

@article{Simpkins2012SeasonalConcentration,
    title = {{Seasonal relationships between large-scale climate variability and antarctic sea ice concentration}},
    year = {2012},
    journal = {Journal of Climate},
    author = {Simpkins, Graham R. and Ciasto, Laura M. and Thompson, David W.J. and England, Matthew H.},
    number = {16},
    month = {8},
    pages = {5451--5469},
    volume = {25},
    publisher = {American Meteorological Society},
    doi = {10.1175/JCLI-D-11-00367.1},
    issn = {08948755},
    keywords = {Annular mode, Antarctic Oscillation, Antarctica, Atmosphere-ocean interaction, ENSO, Sea ice}
}

@article{STATE2018,
    title = {{STATE OF THE CLIMATE IN 2018}},
    doi = {10.1175/2019BAMSStateoftheClimate.1}
}

@article{Meehl2019Sustained2016,
    title = {{Sustained ocean changes contributed to sudden Antarctic sea ice retreat in late 2016}},
    year = {2019},
    journal = {Nature Communications},
    author = {Meehl, Gerald A. and Arblaster, Julie M. and Chung, Christine T.Y. and Holland, Marika M. and DuVivier, Alice and Thompson, Lu Anne and Yang, Dongxia and Bitz, Cecilia M.},
    number = {1},
    month = {12},
    pages = {1--9},
    volume = {10},
    publisher = {Nature Publishing Group},
    doi = {10.1038/s41467-018-07865-9},
    issn = {20411723},
    keywords = {Climate sciences, Ocean sciences}
}